<collection xmlns="http://www.loc.gov/MARC21/slim">
<record>
  <leader>02158nam0a2200385 i 450 </leader>
  <controlfield tag="001">IT\ICCU\CNCE\050638</controlfield>
  <controlfield tag="005">20030922000000.0</controlfield>
  <datafield tag="012" ind1=" " ind2=" ">
    <subfield code="a">toa, nea. r.te toqu (3) 1536 (R)</subfield>
    <subfield code="2">fei</subfield>
  </datafield>
  <datafield tag="100" ind1=" " ind2=" ">
    <subfield code="a">20000222d1536        0itac0103    ba</subfield>
  </datafield>
  <datafield tag="101" ind1=" " ind2=" ">
    <subfield code="a">ITA</subfield>
  </datafield>
  <datafield tag="102" ind1=" " ind2=" ">
    <subfield code="a">IT</subfield>
  </datafield>
  <datafield tag="200" ind1="1" ind2=" ">
    <subfield code="a">Calandra comedia di m. Bernardo Diuitio da Bibiena, nuouamente ristampata</subfield>
  </datafield>
  <datafield tag="210" ind1=" " ind2=" ">
    <subfield code="d">1536</subfield>
    <subfield code="e">Stampata in Vinegia</subfield>
    <subfield code="g">per Nicolo d&apos;Aristotile detto Zoppino</subfield>
    <subfield code="h">1536</subfield>
  </datafield>
  <datafield tag="215" ind1=" " ind2=" ">
    <subfield code="a">47, \1! c.</subfield>
    <subfield code="d">8ʻ</subfield>
  </datafield>
  <datafield tag="620" ind1=" " ind2=" ">
    <subfield code="a">IT</subfield>
    <subfield code="d">Venezia</subfield>
  </datafield>
  <datafield tag="700" ind1=" " ind2="1">
    <subfield code="a">Dovizi,</subfield>
    <subfield code="b">Bernardo</subfield>
    <subfield code="3">IT\ICCU\CNCA\004926</subfield>
  </datafield>
  <datafield tag="712" ind1="0" ind2="0">
    <subfield code="a"></subfield>
    <subfield code="3">IT\ICCU\CNCT\000073</subfield>
    <subfield code="4">650</subfield>
  </datafield>
  <datafield tag="790" ind1=" " ind2="0">
    <subfield code="a">℗Il ℗Bibbiena</subfield>
    <subfield code="3">IT\ICCU\CNCA\004927</subfield>
    <subfield code="z">Dovizi, Bernardo</subfield>
  </datafield>
  <datafield tag="790" ind1=" " ind2="1">
    <subfield code="a">Divizio,</subfield>
    <subfield code="b">Bernardo</subfield>
    <subfield code="3">IT\ICCU\CNCA\004928</subfield>
    <subfield code="z">Dovizi, Bernardo</subfield>
  </datafield>
  <datafield tag="791" ind1="0" ind2="2">
    <subfield code="a">Niccol ̣d&apos;Aristotele</subfield>
    <subfield code="3">IT\ICCU\CNCT\002735</subfield>
    <subfield code="z"></subfield>
  </datafield>
  <datafield tag="791" ind1="0" ind2="0">
    <subfield code="a">Rossi, Niccol ̣Zoppino di Aristotele de</subfield>
    <subfield code="3">IT\ICCU\CNCT\002962</subfield>
    <subfield code="z"></subfield>
  </datafield>
  <datafield tag="791" ind1="0" ind2="0">
    <subfield code="a">Zopinus, Nicolaus</subfield>
    <subfield code="3">IT\ICCU\CNCT\004194</subfield>
    <subfield code="z"></subfield>
  </datafield>
  <datafield tag="791" ind1="0" ind2="0">
    <subfield code="a">Zopino, Nicolo</subfield>
    <subfield code="3">IT\ICCU\CNCT\005842</subfield>
    <subfield code="z"></subfield>
  </datafield>
  <datafield tag="791" ind1="0" ind2="0">
    <subfield code="a">Zoppinus, Nicolaus de Aristotelibus</subfield>
    <subfield code="3">IT\ICCU\CNCT\005843</subfield>
    <subfield code="z"></subfield>
  </datafield>
  <datafield tag="801" ind1=" " ind2="3">
    <subfield code="a">IT</subfield>
    <subfield code="b">ICCU</subfield>
    <subfield code="c">20201115</subfield>
  </datafield>
  <datafield tag="899" ind1=" " ind2=" ">
    <subfield code="a">Biblioteca universitaria. Bologna</subfield>
    <subfield code="1">BO0098</subfield>
    <subfield code="2">UBO BU</subfield>
  </datafield>
  <datafield tag="899" ind1=" " ind2=" ">
    <subfield code="a">Biblioteca nazionale Braidense. Milano</subfield>
    <subfield code="1">MI0185</subfield>
    <subfield code="2">MIL NB</subfield>
  </datafield>
  <datafield tag="899" ind1=" " ind2=" ">
    <subfield code="a">Archivio storico civico e Biblioteca Trivulziana. Milano</subfield>
    <subfield code="1">MI0327</subfield>
    <subfield code="2">LO1 13</subfield>
  </datafield>
  <datafield tag="899" ind1=" " ind2=" ">
    <subfield code="a">Biblioteca Guarnacci. Volterra</subfield>
    <subfield code="1">PI0176</subfield>
    <subfield code="2">RT1 QV</subfield>
  </datafield>
  <datafield tag="899" ind1=" " ind2=" ">
    <subfield code="a">Biblioteca dell&apos;Accademia nazionale dei Lincei e Corsiniana. Roma</subfield>
    <subfield code="z">MUTILO</subfield>
    <subfield code="1">RM0418</subfield>
    <subfield code="2">RML 10</subfield>
  </datafield>
  <datafield tag="899" ind1=" " ind2=" ">
    <subfield code="a">Biblioteca comunale. Treviso</subfield>
    <subfield code="1">TV0114</subfield>
    <subfield code="2">VIA CT</subfield>
  </datafield>
  <datafield tag="899" ind1=" " ind2=" ">
    <subfield code="a">Biblioteca nazionale Marciana. Venezia</subfield>
    <subfield code="z">MUTILO</subfield>
    <subfield code="1">VE0049</subfield>
    <subfield code="2">VEA BM</subfield>
  </datafield>
  <datafield tag="899" ind1=" " ind2=" ">
    <subfield code="a">Biblioteche della Fondazione Giorgio Cini onlus. Venezia</subfield>
    <subfield code="1">VE0239</subfield>
    <subfield code="2">VEA FC</subfield>
  </datafield>
  <datafield tag="911" ind1=" " ind2=" ">
    <subfield code="a">In fine</subfield>
    <subfield code="9">IT\ICCU\CNCM\000690</subfield>
  </datafield>
  <datafield tag="921" ind1=" " ind2=" ">
    <subfield code="a">IT\ICCU\CNCM\000690</subfield>
    <subfield code="b">S. Nicola seduto nella cattedra episcopale con la mitra, tiene la mano destra alzata e nell&apos;altra le tre palle d&apos;oro su libro. Ai lati  le iniziali N.Z.</subfield>
    <subfield code="c">A99</subfield>
    <subfield code="c">V531</subfield>
    <subfield code="c">Z896</subfield>
    <subfield code="d">Dimensioni: 5 x 5,4Con o senza i nomi NICOLO VICENTIO ai lati della figura</subfield>
    <subfield code="f">S. NICOLA</subfield>
    <subfield code="f">LIBRO</subfield>
    <subfield code="f">PALLE</subfield>
    <subfield code="g">1520-1536</subfield>
  </datafield>
</record>
</collection>
